@article{Osher1984,
	title = {Riemann Solvers, The Entropy Condition, and Difference Approximations},
	volume = {21},
	issn = {00361429},
	url = {http://www.jstor.org/stable/2157297},
	number = {2},
	journal = {{SIAM} Journal on Numerical Analysis},
	author = {Stanley Osher},
	month = apr,
	year = {1984},
	pages = {217--235}
}

@article{Cockburn1998,
	title = {The Local Discontinuous Galerkin Method for {Time-Dependent} {Convection-Diffusion} Systems},
	volume = {35},
	issn = {00361429},
	url = {http://www.jstor.org/stable/2587266},
	number = {6},
	journal = {{SIAM} Journal on Numerical Analysis},
	author = {Bernardo Cockburn and {Chi-Wang} Shu},
	month = dec,
	year = {1998},
	pages = {2440--2463}
}