
@book{DiPietro2011,
	series = {Math {Matiques} {Et} {Applications}},
	title = {Mathematical Aspects of Discontinuous {Galerkin} Methods},
	isbn = {978-3-642-22979-4},
	url = {http://books.google.de/books?id=ak-qQvWGA5oC},
	number = 69,
	publisher = {Springer},
	author = {Di Pietro, Daniele Antonio and Ern, Alexandre},
	year = 2011
}

@article{Girault2005,
	title = {A discontinuous {Galerkin} method with nonoverlapping domain decomposition for the {Stokes} and {Navier}-{Stokes} problems},
	volume = {74},
	number = {249},
	journal = {Math. Comp},
	author = {Girault, Vivette and Rivi\`{e}re, B\'{e}atrice and Wheeler, Mary F.},
	year = {2005},
	keywords = {dg, discontinuous galerkin, incompressible},
	pages = {53--84}
}


@unpublished{Hartmann2006,
	address = {Braunschweig},
	type = {Contribution to a Collection},
	title = {Discontinuous Galerkin methods for compressible flows: higher order accuracy, error estimation and adaptivity},
	shorttitle = {Discontinuous Galerkin methods for compressible flows},
	author = {Hartmann, Ralf},
	year = {2006}
}

@article{Warburton2013,
	title = {A Low-Storage Curvilinear Discontinuous {Galerkin} Method for Wave Problems},
	volume = {35},
	issn = {1064-8275, 1095-7197},
	url = {http://epubs.siam.org/doi/abs/10.1137/120899662},
	doi = {10.1137/120899662},
	number = {4},
	urldate = {2013-11-10},
	journal = {SIAM Journal on Scientific Computing},
	author = {Warburton, T.},
	month = jan,
	year = {2013},
	pages = {A1987--A2012}
}

@book{hesthaven_nodal_2008,
	series = {Texts in {Applied} {Mathematics} , {Vol}. 54},
	title = {Nodal {Discontinuous} {Galerkin} {Methods}: {Algorithms}, {Analysis}, and {Applications}},
	isbn = {978-0-387-72065-4},
	author = {Hesthaven, Jan S. and Warburton, Tim},
	year = {2008}
}
