@BOOK{HesthavenWarburton08,
  title = {Nodal Discontinuous Galerkin Methods: Algorithms, Analysis, and Applications},
  series = {Texts in Applied Mathematics , Vol. 54},
  author = {Hesthaven, Jan S.},
  author2 = {Warburton, Tim},
  year = {2008},
  isbn = {978-0-387-72065-4},
  publisher = {Springer-Verlag}
}
@manual{KummerLayer2Manual09,
  title={BoSSS layer 2 manual},
  author={Florian Kummer},
  year={2009},
  organization={Fachgebiet f\"ur Str\"omungsdynamik
               des Fachbereichs Maschinenbau
               an der Technischen Universit\"at Darmstadt}
  note={Annual Report}
}
%@techreport{KummerLayer2Manual09,
%    author    = {Florian Kummer},
%    title     = {BoSSS layer 2 manual},
%    institution = {Fachgebiet für Strömungsdynamik
%              des Fachbereichs Maschinenbau
%              an der Technischen Universität Darmstadt},
%    year      = {2009}
%}
%@techreport{KummerLayer2Manual09,
%    author    = "Florian Kummer",
%    title     = "BoSSS layer 2 manual",
%    institution = "Fachgebiet für Strömungsdynamik
%              des Fachbereichs Maschinenbau
%              an der Technischen Universität Darmstadt",
%    year      = "2009"
%}
@article{arnoldunified2002,
    author = {Arnold, D. and Brezzi, F. and Cockburn, B. and Marini, L.},
    title = {Unified Analysis of Discontinuous Galerkin Methods for Elliptic Problems},
    journal = {{SIAM} Journal on Numerical Analysis},
    year = 2002,
    volume = 39,
    pages = {1749-1779},
    number = 5,	
%    language = {english},
%	issn = {00361429},
%	url = {http://www.jstor.org/stable/4101034},
%	abstract = {We provide a framework for the analysis of a large class of discontinuous methods for second-order elliptic problems. It allows for the understanding and comparison of most of the discontinuous Galerkin methods that have been proposed over the past three decades for the numerical treatment of elliptic problems.},
	
%	author = {Douglas N. Arnold and Franco Brezzi and Bernardo Cockburn and L. Donatella Marini}, %it does not work with it
%	month = jan,
%	year = {2002},
%	note = {{ArticleType:} research-article / Full publication date: 2002 / Copyright © 2002 Society for Industrial and Applied Mathematics}	
}
@article{shahbaziexplicit2005,
	author = {Shahbazi, K.},
    title = {An explicit expression for the penalty parameter of the interior penalty method},	
    journal = {Journal of Computational Physics},
    year = 2005,
    volume = 205,
    pages = {401-407},
    number = 2,
%    language = {english}
%	issn = {0021-9991},
%	url = {http://www.sciencedirect.com/science/article/B6WHY-4FBFR85-2/2/ce95b65c80e436047c1f065bb74a1f04},
%	doi = {10.1016/j.jcp.2004.11.017},
%	abstract = {We derive an explicit expression for the penalty parameter of the interior penalty method for elliptic problems. The expression yields a coercive bilinear form, and is valid for general meshes comprising of (geometrically nonconforming) simplical elements.},
%	month = may,
%	keywords = {Discontinuous Galerkin methods, High order method, Interior penalty method, Penalty parameter}
}
