@ARTICLE{DubrulleLavalNazarenkoetal2001,
  author = {Dubrulle, B. and Laval, J.P. and Nazarenko, S. and Kevlahanm, N.K.R.},
  title = {A dynamic subfilter-scale model for plane parallel flows},
  journal = {Phys. Fluids},
  year = 2001,
  volume = 13,
  pages = {2045-2064},
  number = 7,
  folder = {IW - 1},
  publisher = {American Institute of Physics},
  url = {http://130.83.224.157/papers/DubrulleLavalNazarenkoetal2001.pdf},
  language = {english}
}

@ARTICLE{Repp2001,
  author = {Repp, S.},
  title = {Numerische Simulation
     turbulenter, vorgemischter Verbrennung mittels level-set-Methode},
  journal = {Fortschritt-Berichte VDI},
  year = {2001},
  volume = 6,
  series = {Energietechnik},
  pages = {1-116},
  number = 468,
  address = {D{\"u}sseldorf},
  keywords = {Combustion G-Equation},
  publisher = {VDI Verlag GmbH},
  language = {ngerman}
}

@BOOK{BlumanCole1974,
  title = {Similarity Methods for Differential Equations},
  publisher = {Springer-Verlag},
  year = {1974},
  author = {Bluman, G. W. and Cole, J. D.},
  series = {Applied Mathematical Sciences},
  volume = {13},
  language = {english}
}

@BOOK{Munz1990,
  author = {Munz, C.-D.},
  title = {Theorie und Numerik nichtlinearer hyberbolischer Diffentialgleichungen},
  year = {1990},
  series = {Kfk 4805},
  publisher = {Kernforschungszentrum Karlsruhe},
  language = {ngerman}
}

@CONFERENCE{Bagderina2000,
  author = {Bagderina, Y.Y.},
  title = {Number of invariants of multi-parameter approximate transformation group},
  year = {2000},
  address = {Ufa, RUSSIA},
  month = {27 September - 03 October, 2000},
  organization = {The International Conference MOGRAN 2000},
  pages = {2-30},
  url = {http://130.83.224.157/papers/Bagderina2000.pdf},
  language = {english}
}

@INBOOK{AshleyHvitvedJacobsonBertrandKrajewski1998,
  pages = {35-49},
  chapter = 2,
  title = {Quo vadis sewer process modelling?},
  year = {1998},
  author = {Ashley, R. M. and Hvitved-Jacobson, T. and Bertrand-Krajewski, J.-L.},
  folder = {JS},
  journal = {Development of urban drainage modelling},
  language = {english}
}

@INBOOK{Finster2002,
  pages = {1-97},
  title = {Partielle Differentialgleichung aus der Geometrie und Physik II : Hyperbolische Probleme},
  publisher = {Fakult{\"a}t f{\"u}r Mathematik, Universit{\"a}t Regensburg},
  year = {2002},
  chapter = {1-2},
  author = {Finster, F.},
  url = {http://130.83.224.157/papers/Finster2002.pdf},
  language = {ngerman}
}

@INCOLLECTION{Spencer1971,
  author = {Spencer, A. J. M.},
  title = {Theory of Invariants},
  year = {1971},
  chapter = {III},
  pages = {239-353},
  editor = {Eringen, A. C.},
  booktitle = {Continuum Physics},
  volume = {1, Mathematics},
  publisher = {Academic Press},
  language = {english}
}

@MASTERSTHESIS{Croche2002,
  author = {Croce, R.},
  title = {Ein paralleler, dredimensionaler
     Navier-Stokes-L{\"o}ser f{\"u}r imkompressible Zweiphasenstr{\"o}mungen mit
     Oberfl{\"a}chenspannunng, Hindernissen und dynamischen Kontaktfl{\"a}chen},
  year = {2002},
  school = {Rheinische Friedrich-Wilhelms-Universit{\"a}t Bonn},
  pages = {1-137},
  url = {http://130.83.224.157/papers/Croce2002.pdf},
  language = {ngerman}
}

@MASTERSTHESIS{Gaertner2004,
  author = {G\"{a}rtner, T.},
  title = {Untersuchung von Schwallwellen auf rauher Sohle},
  school = {Technische Universit{\"a}t Dresden, Fachrichtung Wasserwesen},
  year = {2004},
  url = {http://130.83.224.157/papers/Gaertner2004.pdf},
  language = {ngerman}
}
