@book{Toro2009,
	address = {{Berlin/Heidelberg}},
	edition = {3},
	title = {Riemann solvers and numerical methods for fluid dynamics},
	isbn = {9783540252023},
	publisher = {Springer},
	author = {Eleuterio F. Toro},
	year = {2009},
	keywords = {Euler equations, {HLLC} scheme, {Navier-Stokes,} Riemann solver, Unread},
}

@book{Prandtl2008,
	address = {Wiesbaden},
	edition = {12},
	title = {F\"uhrer durch die Str\"omungslehre Grundlagen und Ph\"anomene},
	isbn = {9783834804303},
	publisher = {Vieweg Teubner},
	author = {Ludwig Prandtl},
	year = {2008},
}

@book{FerzigerPeric2001,
	edition = {3},
	title = {Computational Methods for Fluid Dynamics},
	isbn = {3540420746},
	publisher = {Springer, Berlin},
	author = {Joel H. Ferziger and Milovan Peric},
	month = dec,
	year = {2001},
}

@article{PoinsotLelef1992,
	title = {Boundary conditions for direct simulations of compressible viscous flows},
	volume = {101},
	issn = {0021-9991},
	doi = {10.1016/0021-9991(92)90046-2},
	number = {1},
	journal = {Journal of Computational Physics},
	author = {T. J. Poinsot and S. K. Lelef},
	month = jul,
	year = {1992},
	pages = {104--129}
}

@techreport{VegtVen2002,
	title = {Slip flow boundary conditions in discontinuous Galerkin discretizations of the Euler equations of gas dynamics},
	institution = {National Aerospace Laboratory {NLR}},
	author = {{J.J.W.} van der Vegt and H. van der Ven},
	year = {2002},
}

@book{Anderson2002,
	edition = {3},
	title = {Modern Compressible Flow: With Historical Perspective},
	isbn = {0072424435},
	shorttitle = {Modern Compressible Flow},
	publisher = {{McGraw-Hill} {Science/Engineering/Math}},
	author = {John Anderson},
	month = jul,
	year = {2002},
}

@article{Batten1997,
	title = {On the Choice of Wavespeeds for the {HLLC} Riemann Solver},
	volume = {18},
	doi = {10.1137/S1064827593260140},
	number = {6},
	journal = {{SIAM} Journal on Scientific Computing},
	author = {P. Batten and N. Clarke and C. Lambert and D. M. Causon},
	month = nov,
	year = {1997},
	pages = {1553--1570}
}

@article{ToroSpruceSpeares1994,
	title = {Restoration of the contact surface in the {HLL-Riemann} solver},
	volume = {4},
	url = {http://dx.doi.org/10.1007/BF01414629},
	doi = {10.1007/BF01414629},
	number = {1},
	journal = {Shock Waves},
	author = {E. F. Toro and M. Spruce and W. Speares},
	month = jul,
	year = {1994},
	pages = {25--34}
}

@article{GassnerMunz2007,
	title = {A contribution to the construction of diffusion fluxes for finite volume and discontinuous Galerkin schemes},
	volume = {224},
	number = {2},
	journal = {J. Comput. Phys.},
	author = {Gregor Gassner and Frieder LÃ¶rcher and {Claus-Dieter} Munz},
	year = {2007},
	pages = {1049--1063}
}

@article{Arnold1982,
	title = {An Interior Penalty Finite Element Method with Discontinuous Elements},
	volume = {19},
	issn = {00361429},
	number = {4},
	journal = {{SIAM} Journal on Numerical Analysis},
	author = {Douglas N. Arnold},
	month = aug,
	year = {1982},
	pages = {742--760}
}

@techreport{Liou1987,
	title = {A generalized procedure for constructing an upwind-based {TVD} scheme},
	number = {{AIAA} {PAPER} 87-0355},
	institution = {{NASA} Langley Technical Report Server},
	author = {Meng-Sing Liou},
	year = {1987}
}
