@BOOK{Triebel1980,
  author = {Triebel, Hans},
  publisher = {Verlag Harri Deutsch},
  year = {1980},
  title = {H\"ohere Analysis},
  isbn = {978-3871445835}
}

@BOOK{HesthavenWarburton08,
  title = {Nodal Discontinuous Galerkin Methods: Algorithms, Analysis, and Applications},
  series = {Texts in Applied Mathematics , Vol. 54},
  author = {Hesthaven, Jan S.},
  author2 = {Warburton, Tim},
  year = {2008},
  isbn = {978-0-387-72065-4},
  publisher = {Springer-Verlag}
}
