
@book{DiPietroErn2011,
	series = {Math {Matiques} {Et} {Applications}},
	title = {Mathematical {Aspects} of {Discontinuous} {Galerkin} {Methods}},
	isbn = {978-3-642-22979-4},
	url = {http://books.google.de/books?id=ak-qQvWGA5oC},
	number = {69},
	publisher = {Springer},
	author = {Di Pietro, Daniele Antonio and Ern, Alexandre},
	year = {2011}
}

@article{Arnold_1982,
	title = {An interior penalty finite element method with discontinuous elements},
	url = {http://www.jstor.org/stable/2157030},
	language = {en},
	urldate = {2014-12-05},
	journal = {SIAM Journal on Numerical Analysis},
	author = {Arnold, Douglas N.},
	year = {1982}
}