@ARTICLE{Bedeaux1976,
  author = {Bedeaux, Albano, Mazur},
  title = {Boundary conditions and non-equilibrium thermodynamics},
  journal = {Physica},
  year = 1976,
  volume = 82,
  pages = {438-462},
  number = ,
  folder = {},
  publisher = {},
  url = {},
  language = {english}
}

@ARTICLE{Cox1998,
  author = {Cox},
  title = {Inertial and viscous effects on dynamic contact angles},
  journal = {Journal of fluid mechanics},
  year = 1998,
  volume = 357,
  pages = {249-278},
  number = ,
  folder = {},
  publisher = {},
  url = {},
  language = {english}
}

@ARTICLE{Dussan1979,
  author = {Dussan},
  title = {On the spreading of liquids on solid surfaces static and dynamic contact lines},
  journal = {Annual review of fluid mechanics},
  year = 1979,
  volume = 11,
  pages = {371-400},
  number = ,
  folder = {},
  publisher = {},
  url = {},
  language = {english}
}

@ARTICLE{DussanDavis1974,
  author = {Dussan , Davis},
  title = {On the motion of a fluid-fluid interface on a solid surface},
  journal = {Journal of fluid mechanics},
  year = 1974,
  volume = 65,
  pages = {71-95},
  number = ,
  folder = {},
  publisher = {},
  url = {},
  language = {english}
}

@ARTICLE{GopolaWachem2008,
  author = {Gopola, Wachem},
  title = {Volume of fluid methods for immiscible-fluid and free-surface flows},
  journal = {Chemical engineering journal},
  year = 2008,
  volume = 141,
  pages = {204-221},
  number = ,
  folder = {},
  publisher = {},
  url = {},
  language = {english}
}

@ARTICLE{LinderSilwesterSchneider2005,
  author = {Linder-Silwester, Schneider},
  title = {The moving contact line with weak viscosity effects-an application and evaluation of Shikhmurzaev's model},
  journal = {Acta Mechanica},
  year = 2005,
  volume = 176,
  pages = {245-258},
  number = ,
  folder = {},
  publisher = {},
  url = {},
  language = {english}
}

@ARTICLE{SavelskiShettyKolbCerro1995,
  author = {Savelski, Shetty, Kolb, Cerro},
  title = {Flow patterns associated with the steady movement of a solid/liquid/fluid contact line},
  journal = {Journal Colloid and Interface Sciences},
  year = 1995,
  volume = 176,
  pages = {117-127},
  number = ,
  folder = {},
  publisher = {},
  url = {},
  language = {english}
}

@ARTICLE{SikaloWilhelmRoismanJakirlicTropea2005,
  author = {Sikalo, Wilhelm, Roisman, Jakirlic, Tropea},
  title = {Dynamic contact angle of spreading droplets: experiments and simulations},
  journal = {Physics of fluids},
  year = 2005,
  volume = 17,
  pages = {},
  number = ,
  folder = {},
  publisher = {},
  url = {},
  language = {english}
}

@ARTICLE{ReznikYarin2002,
  author = {Reznik, Yarin},
  title = {Spreading of a viscous drop due to gravity and capillarity on a horizontal or an inclined dry wall},
  journal = {Physics of fluids},
  year = 2002,
  volume = 14,
  pages = {118-132},
  number = ,
  folder = {},
  publisher = {},
  url = {},
  language = {english}
}

@ARTICLE{WangOberlack2009,
  author = {Wang, Oberlack},
  title = {A thermodynamic model of multiphase immiscible flows with moving interfaces and contact line},
  journal = {},
  year = 2009,
  volume = ,
  pages = {},
  number = ,
  folder = {},
  publisher = {},
  url = {},
  language = {english}
}
@BOOK{Shikhmurzaev2008,
  title = {Capillary Flows with forming interfaces},
  publisher = {Taylor and Francis Group},
  year = {2008},
  author = {Shikhmurzaev},
  series = {},
  volume = {},
  language = {english}
}
